[{"type":"sell","personName":"Sita Stores","product":"Kolam","price":67.6,"quantity":4264,"unit":"gram","date":"2026-06-30","createdAt":"2026-07-04T17:14:48.188Z","updatedAt":"2026-07-04T17:14:48.188Z","id":"6a493f885f1c981d0dd83a70","qtyKg":4.264},{"type":"sell","personName":"Daily Mart","product":"Sona Masuri","price":79.96,"quantity":3839,"unit":"gram","date":"2026-06-30","createdAt":"2026-07-04T17:14:48.188Z","updatedAt":"2026-07-04T17:14:48.188Z","id":"6a493f885f1c981d0dd83a64","qtyKg":3.839},{"type":"buy","personName":"Sundar Co.","product":"Sona Masuri","price":45.88,"quantity":1840,"unit":"gram","date":"2026-06-30","createdAt":"2026-07-04T17:14:48.188Z","updatedAt":"2026-07-04T17:14:48.188Z","id":"6a493f885f1c981d0dd83a74","qtyKg":1.84},{"type":"sell","personName":"Daily Mart","product":"Sona Masuri","price":71.39,"quantity":3.53,"unit":"quintal","date":"2026-06-27","createdAt":"2026-07-04T17:14:48.188Z","updatedAt":"2026-07-04T17:14:48.188Z","id":"6a493f885f1c981d0dd83a58","qtyKg":353},{"type":"sell","personName":"Daily Mart","product":"Parboiled","price":67.1,"quantity":4831,"unit":"gram","date":"2026-06-26","createdAt":"2026-07-04T17:14:48.187Z","updatedAt":"2026-07-04T17:14:48.187Z","id":"6a493f885f1c981d0dd83a1b","qtyKg":4.831},{"type":"sell","personName":"Daily Mart","product":"Black Rice","price":224.23,"quantity":4770,"unit":"gram","date":"2026-06-21","createdAt":"2026-07-04T17:14:48.188Z","updatedAt":"2026-07-04T17:14:48.188Z","id":"6a493f885f1c981d0dd83a6b","qtyKg":4.7700000000000005},{"type":"buy","personName":"Punjab Agri","product":"Basmati","price":103.97,"quantity":7.77,"unit":"kg","date":"2026-06-16","createdAt":"2026-07-04T17:14:48.188Z","updatedAt":"2026-07-04T17:14:48.188Z","id":"6a493f885f1c981d0dd83a66","qtyKg":7.77},{"type":"sell","personName":"Sita Stores","product":"Jeera Samba","price":150.12,"quantity":3212,"unit":"gram","date":"2026-06-15","createdAt":"2026-07-04T17:14:48.187Z","updatedAt":"2026-07-04T17:14:48.187Z","id":"6a493f885f1c981d0dd83a40","qtyKg":3.212},{"type":"sell","personName":"Sita Stores","product":"Sona Masuri","price":82.95,"quantity":7.65,"unit":"quintal","date":"2026-06-09","createdAt":"2026-07-04T17:14:48.188Z","updatedAt":"2026-07-04T17:14:48.188Z","id":"6a493f885f1c981d0dd83a5b","qtyKg":765},{"type":"buy","personName":"Krishna Traders","product":"Idli Rice","price":30.01,"quantity":2928,"unit":"gram","date":"2026-06-01","createdAt":"2026-07-04T17:14:48.187Z","updatedAt":"2026-07-04T17:14:48.187Z","id":"6a493f885f1c981d0dd83a3c","qtyKg":2.928},{"type":"buy","personName":"Ganga Suppliers","product":"Brown Rice","price":70.93,"quantity":483.59,"unit":"kg","date":"2026-05-25","createdAt":"2026-07-04T17:14:48.188Z","updatedAt":"2026-07-04T17:14:48.188Z","id":"6a493f885f1c981d0dd83a6a","qtyKg":483.59},{"type":"sell","personName":"Sita Stores","product":"Black Rice","price":260.86,"quantity":2249,"unit":"gram","date":"2026-05-21","createdAt":"2026-07-04T17:14:48.187Z","updatedAt":"2026-07-04T17:14:48.187Z","id":"6a493f885f1c981d0dd83a44","qtyKg":2.249},{"type":"buy","personName":"Punjab Agri","product":"Parboiled","price":48.72,"quantity":85.72,"unit":"kg","date":"2026-05-17","createdAt":"2026-07-04T17:14:48.187Z","updatedAt":"2026-07-04T17:14:48.187Z","id":"6a493f885f1c981d0dd83a20","qtyKg":85.72},{"type":"buy","personName":"Andhra Mills","product":"Idli Rice","price":33.77,"quantity":3981,"unit":"gram","date":"2026-05-16","createdAt":"2026-07-04T17:14:48.187Z","updatedAt":"2026-07-04T17:14:48.187Z","id":"6a493f885f1c981d0dd83a1c","qtyKg":3.981},{"type":"sell","personName":"Daily Mart","product":"Ponni","price":64.07,"quantity":530,"unit":"gram","date":"2026-05-05","createdAt":"2026-07-04T17:14:48.188Z","updatedAt":"2026-07-04T17:14:48.188Z","id":"6a493f885f1c981d0dd83a67","qtyKg":0.53},{"type":"sell","personName":"Lakshmi Stores","product":"Sona Masuri","price":72.99,"quantity":1811,"unit":"gram","date":"2026-05-02","createdAt":"2026-07-04T17:14:48.188Z","updatedAt":"2026-07-04T17:14:48.188Z","id":"6a493f885f1c981d0dd83a59","qtyKg":1.811},{"type":"buy","personName":"Punjab Agri","product":"Idli Rice","price":30.97,"quantity":2993,"unit":"gram","date":"2026-05-01","createdAt":"2026-07-04T17:14:48.187Z","updatedAt":"2026-07-04T17:14:48.187Z","id":"6a493f885f1c981d0dd83a2b","qtyKg":2.993},{"type":"sell","personName":"Ramesh Kumar","product":"Basmati","price":123.41,"quantity":7.19,"unit":"quintal","date":"2026-04-29","createdAt":"2026-07-04T17:14:48.187Z","updatedAt":"2026-07-04T17:14:48.187Z","id":"6a493f885f1c981d0dd83a2f","qtyKg":719},{"type":"sell","personName":"Daily Mart","product":"Parboiled","price":71.05,"quantity":17.6,"unit":"quintal","date":"2026-04-29","createdAt":"2026-07-04T17:14:48.187Z","updatedAt":"2026-07-04T17:14:48.187Z","id":"6a493f885f1c981d0dd83a16","qtyKg":1760.0000000000002},{"type":"sell","personName":"Sita Stores","product":"Jeera Samba","price":158.45,"quantity":15.22,"unit":"quintal","date":"2026-04-29","createdAt":"2026-07-04T17:14:48.187Z","updatedAt":"2026-07-04T17:14:48.187Z","id":"6a493f885f1c981d0dd83a2e","qtyKg":1522},{"type":"buy","personName":"Andhra Mills","product":"Jeera Samba","price":92.34,"quantity":18.35,"unit":"quintal","date":"2026-04-26","createdAt":"2026-07-04T17:14:48.188Z","updatedAt":"2026-07-04T17:14:48.188Z","id":"6a493f885f1c981d0dd83a51","qtyKg":1835.0000000000002},{"type":"buy","personName":"Punjab Agri","product":"Sona Masuri","price":57.07,"quantity":10.36,"unit":"quintal","date":"2026-04-24","createdAt":"2026-07-04T17:14:48.188Z","updatedAt":"2026-07-04T17:14:48.188Z","id":"6a493f885f1c981d0dd83a4f","qtyKg":1036},{"type":"sell","personName":"Sita Stores","product":"Basmati","price":136.78,"quantity":1181,"unit":"gram","date":"2026-04-22","createdAt":"2026-07-04T17:14:48.188Z","updatedAt":"2026-07-04T17:14:48.188Z","id":"6a493f885f1c981d0dd83a75","qtyKg":1.181},{"type":"buy","personName":"Punjab Agri","product":"Brown Rice","price":60.28,"quantity":315.63,"unit":"kg","date":"2026-04-12","createdAt":"2026-07-04T17:14:48.188Z","updatedAt":"2026-07-04T17:14:48.188Z","id":"6a493f885f1c981d0dd83a73","qtyKg":315.63},{"type":"sell","personName":"Daily Mart","product":"Idli Rice","price":57.37,"quantity":5.84,"unit":"quintal","date":"2026-04-02","createdAt":"2026-07-04T17:14:48.187Z","updatedAt":"2026-07-04T17:14:48.187Z","id":"6a493f885f1c981d0dd83a21","qtyKg":584},{"type":"buy","personName":"Andhra Mills","product":"Red Rice (Matta)","price":68.22,"quantity":411.1,"unit":"kg","date":"2026-04-01","createdAt":"2026-07-04T17:14:48.187Z","updatedAt":"2026-07-04T17:14:48.187Z","id":"6a493f885f1c981d0dd83a48","qtyKg":411.1},{"type":"sell","personName":"Govind Provision","product":"Kolam","price":57.47,"quantity":5.17,"unit":"quintal","date":"2026-03-31","createdAt":"2026-07-04T17:14:48.187Z","updatedAt":"2026-07-04T17:14:48.187Z","id":"6a493f885f1c981d0dd83a17","qtyKg":517},{"type":"sell","personName":"Lakshmi Stores","product":"Basmati","price":129.9,"quantity":377.52,"unit":"kg","date":"2026-03-29","createdAt":"2026-07-04T17:14:48.187Z","updatedAt":"2026-07-04T17:14:48.187Z","id":"6a493f885f1c981d0dd83a37","qtyKg":377.52},{"type":"sell","personName":"Ramesh Kumar","product":"Sona Masuri","price":78.81,"quantity":1425,"unit":"gram","date":"2026-03-28","createdAt":"2026-07-04T17:14:48.187Z","updatedAt":"2026-07-04T17:14:48.187Z","id":"6a493f885f1c981d0dd83a33","qtyKg":1.425},{"type":"buy","personName":"Andhra Mills","product":"Basmati","price":92.96,"quantity":14.12,"unit":"quintal","date":"2026-03-22","createdAt":"2026-07-04T17:14:48.186Z","updatedAt":"2026-07-04T17:14:48.186Z","id":"6a493f885f1c981d0dd83a13","qtyKg":1412},{"type":"buy","personName":"Ganga Suppliers","product":"Ponni","price":42.77,"quantity":171.38,"unit":"kg","date":"2026-03-18","createdAt":"2026-07-04T17:14:48.187Z","updatedAt":"2026-07-04T17:14:48.187Z","id":"6a493f885f1c981d0dd83a1a","qtyKg":171.38},{"type":"sell","personName":"Sita Stores","product":"Ponni","price":76.69,"quantity":424.97,"unit":"kg","date":"2026-03-17","createdAt":"2026-07-04T17:14:48.187Z","updatedAt":"2026-07-04T17:14:48.187Z","id":"6a493f885f1c981d0dd83a31","qtyKg":424.97},{"type":"buy","personName":"Punjab Agri","product":"Brown Rice","price":57.48,"quantity":14.07,"unit":"quintal","date":"2026-03-14","createdAt":"2026-07-04T17:14:48.188Z","updatedAt":"2026-07-04T17:14:48.188Z","id":"6a493f885f1c981d0dd83a69","qtyKg":1407},{"type":"sell","personName":"Ramesh Kumar","product":"Parboiled","price":58.13,"quantity":155.52,"unit":"kg","date":"2026-03-14","createdAt":"2026-07-04T17:14:48.187Z","updatedAt":"2026-07-04T17:14:48.187Z","id":"6a493f885f1c981d0dd83a32","qtyKg":155.52},{"type":"sell","personName":"Sita Stores","product":"Parboiled","price":64.03,"quantity":46.93,"unit":"kg","date":"2026-03-07","createdAt":"2026-07-04T17:14:48.187Z","updatedAt":"2026-07-04T17:14:48.187Z","id":"6a493f885f1c981d0dd83a4a","qtyKg":46.93},{"type":"buy","personName":"Andhra Mills","product":"Jeera Samba","price":107.26,"quantity":9.67,"unit":"quintal","date":"2026-03-04","createdAt":"2026-07-04T17:14:48.188Z","updatedAt":"2026-07-04T17:14:48.188Z","id":"6a493f885f1c981d0dd83a54","qtyKg":967},{"type":"sell","personName":"Sita Stores","product":"Basmati","price":135.81,"quantity":128.76,"unit":"kg","date":"2026-03-02","createdAt":"2026-07-04T17:14:48.188Z","updatedAt":"2026-07-04T17:14:48.188Z","id":"6a493f885f1c981d0dd83a6f","qtyKg":128.76},{"type":"sell","personName":"Annapurna Shop","product":"Basmati","price":150.87,"quantity":448.94,"unit":"kg","date":"2026-02-28","createdAt":"2026-07-04T17:14:48.188Z","updatedAt":"2026-07-04T17:14:48.188Z","id":"6a493f885f1c981d0dd83a4b","qtyKg":448.94},{"type":"buy","personName":"Ganga Suppliers","product":"Black Rice","price":192.96,"quantity":2.06,"unit":"quintal","date":"2026-02-26","createdAt":"2026-07-04T17:14:48.188Z","updatedAt":"2026-07-04T17:14:48.188Z","id":"6a493f885f1c981d0dd83a62","qtyKg":206},{"type":"sell","personName":"Daily Mart","product":"Jeera Samba","price":157.77,"quantity":17.2,"unit":"quintal","date":"2026-02-23","createdAt":"2026-07-04T17:14:48.187Z","updatedAt":"2026-07-04T17:14:48.187Z","id":"6a493f885f1c981d0dd83a42","qtyKg":1720},{"type":"sell","personName":"Ramesh Kumar","product":"Kolam","price":67.82,"quantity":3614,"unit":"gram","date":"2026-02-21","createdAt":"2026-07-04T17:14:48.188Z","updatedAt":"2026-07-04T17:14:48.188Z","id":"6a493f885f1c981d0dd83a68","qtyKg":3.614},{"type":"sell","personName":"Annapurna Shop","product":"Jeera Samba","price":141.75,"quantity":114.99,"unit":"kg","date":"2026-02-16","createdAt":"2026-07-04T17:14:48.187Z","updatedAt":"2026-07-04T17:14:48.187Z","id":"6a493f885f1c981d0dd83a30","qtyKg":114.99},{"type":"sell","personName":"Daily Mart","product":"Sona Masuri","price":82.05,"quantity":3839,"unit":"gram","date":"2026-01-04","createdAt":"2026-07-04T17:14:48.187Z","updatedAt":"2026-07-04T17:14:48.187Z","id":"6a493f885f1c981d0dd83a18","qtyKg":3.839},{"type":"buy","personName":"Punjab Agri","product":"Idli Rice","price":32.1,"quantity":16.37,"unit":"quintal","date":"2025-12-31","createdAt":"2026-07-04T17:14:48.188Z","updatedAt":"2026-07-04T17:14:48.188Z","id":"6a493f885f1c981d0dd83a5e","qtyKg":1637},{"type":"sell","personName":"Lakshmi Stores","product":"Red Rice (Matta)","price":100.51,"quantity":13.03,"unit":"quintal","date":"2025-12-26","createdAt":"2026-07-04T17:14:48.188Z","updatedAt":"2026-07-04T17:14:48.188Z","id":"6a493f885f1c981d0dd83a6e","qtyKg":1303},{"type":"sell","personName":"Annapurna Shop","product":"Jeera Samba","price":175.21,"quantity":3.9,"unit":"quintal","date":"2025-12-23","createdAt":"2026-07-04T17:14:48.188Z","updatedAt":"2026-07-04T17:14:48.188Z","id":"6a493f885f1c981d0dd83a55","qtyKg":390},{"type":"sell","personName":"Daily Mart","product":"Brown Rice","price":86.55,"quantity":17.7,"unit":"quintal","date":"2025-12-23","createdAt":"2026-07-04T17:14:48.188Z","updatedAt":"2026-07-04T17:14:48.188Z","id":"6a493f885f1c981d0dd83a4c","qtyKg":1770},{"type":"buy","personName":"Ganga Suppliers","product":"Parboiled","price":46.21,"quantity":13.6,"unit":"quintal","date":"2025-12-21","createdAt":"2026-07-04T17:14:48.188Z","updatedAt":"2026-07-04T17:14:48.188Z","id":"6a493f885f1c981d0dd83a57","qtyKg":1360},{"type":"sell","personName":"Govind Provision","product":"Jeera Samba","price":176.57,"quantity":72.35,"unit":"kg","date":"2025-12-20","createdAt":"2026-07-04T17:14:48.188Z","updatedAt":"2026-07-04T17:14:48.188Z","id":"6a493f885f1c981d0dd83a63","qtyKg":72.35},{"type":"sell","personName":"Annapurna Shop","product":"Brown Rice","price":82.08,"quantity":2.2,"unit":"quintal","date":"2025-12-19","createdAt":"2026-07-04T17:14:48.187Z","updatedAt":"2026-07-04T17:14:48.187Z","id":"6a493f885f1c981d0dd83a23","qtyKg":220.00000000000003},{"type":"sell","personName":"Annapurna Shop","product":"Sona Masuri","price":83.19,"quantity":4681,"unit":"gram","date":"2025-12-19","createdAt":"2026-07-04T17:14:48.188Z","updatedAt":"2026-07-04T17:14:48.188Z","id":"6a493f885f1c981d0dd83a65","qtyKg":4.681},{"type":"buy","personName":"Ganga Suppliers","product":"Basmati","price":99.72,"quantity":390.08,"unit":"kg","date":"2025-12-10","createdAt":"2026-07-04T17:14:48.188Z","updatedAt":"2026-07-04T17:14:48.188Z","id":"6a493f885f1c981d0dd83a5a","qtyKg":390.08},{"type":"sell","personName":"Annapurna Shop","product":"Red Rice (Matta)","price":115.91,"quantity":211.03,"unit":"kg","date":"2025-12-07","createdAt":"2026-07-04T17:14:48.188Z","updatedAt":"2026-07-04T17:14:48.188Z","id":"6a493f885f1c981d0dd83a71","qtyKg":211.03},{"type":"sell","personName":"Govind Provision","product":"Red Rice (Matta)","price":116.23,"quantity":3.09,"unit":"quintal","date":"2025-12-05","createdAt":"2026-07-04T17:14:48.188Z","updatedAt":"2026-07-04T17:14:48.188Z","id":"6a493f885f1c981d0dd83a5d","qtyKg":309},{"type":"sell","personName":"Ramesh Kumar","product":"Red Rice (Matta)","price":104.16,"quantity":14.94,"unit":"quintal","date":"2025-11-21","createdAt":"2026-07-04T17:14:48.188Z","updatedAt":"2026-07-04T17:14:48.188Z","id":"6a493f885f1c981d0dd83a6d","qtyKg":1494},{"type":"buy","personName":"Krishna Traders","product":"Parboiled","price":49.93,"quantity":368.03,"unit":"kg","date":"2025-11-17","createdAt":"2026-07-04T17:14:48.187Z","updatedAt":"2026-07-04T17:14:48.187Z","id":"6a493f885f1c981d0dd83a28","qtyKg":368.03},{"type":"sell","personName":"Daily Mart","product":"Basmati","price":135.59,"quantity":158.19,"unit":"kg","date":"2025-11-14","createdAt":"2026-07-04T17:14:48.187Z","updatedAt":"2026-07-04T17:14:48.187Z","id":"6a493f885f1c981d0dd83a35","qtyKg":158.19},{"type":"sell","personName":"Annapurna Shop","product":"Parboiled","price":68.52,"quantity":489.64,"unit":"kg","date":"2025-11-11","createdAt":"2026-07-04T17:14:48.187Z","updatedAt":"2026-07-04T17:14:48.187Z","id":"6a493f885f1c981d0dd83a39","qtyKg":489.64},{"type":"buy","personName":"Andhra Mills","product":"Black Rice","price":177.7,"quantity":19.02,"unit":"quintal","date":"2025-11-10","createdAt":"2026-07-04T17:14:48.187Z","updatedAt":"2026-07-04T17:14:48.187Z","id":"6a493f885f1c981d0dd83a22","qtyKg":1902},{"type":"buy","personName":"Krishna Traders","product":"Brown Rice","price":65.03,"quantity":12.39,"unit":"quintal","date":"2025-11-08","createdAt":"2026-07-04T17:14:48.187Z","updatedAt":"2026-07-04T17:14:48.187Z","id":"6a493f885f1c981d0dd83a3f","qtyKg":1239},{"type":"sell","personName":"Ramesh Kumar","product":"Red Rice (Matta)","price":103.38,"quantity":2.69,"unit":"quintal","date":"2025-11-04","createdAt":"2026-07-04T17:14:48.187Z","updatedAt":"2026-07-04T17:14:48.187Z","id":"6a493f885f1c981d0dd83a46","qtyKg":269},{"type":"sell","personName":"Daily Mart","product":"Parboiled","price":62.12,"quantity":8.3,"unit":"quintal","date":"2025-11-03","createdAt":"2026-07-04T17:14:48.187Z","updatedAt":"2026-07-04T17:14:48.187Z","id":"6a493f885f1c981d0dd83a2c","qtyKg":830.0000000000001},{"type":"buy","personName":"Sundar Co.","product":"Idli Rice","price":34.73,"quantity":19.59,"unit":"quintal","date":"2025-11-02","createdAt":"2026-07-04T17:14:48.187Z","updatedAt":"2026-07-04T17:14:48.187Z","id":"6a493f885f1c981d0dd83a29","qtyKg":1959},{"type":"sell","personName":"Daily Mart","product":"Jeera Samba","price":142.5,"quantity":131.13,"unit":"kg","date":"2025-10-31","createdAt":"2026-07-04T17:14:48.188Z","updatedAt":"2026-07-04T17:14:48.188Z","id":"6a493f885f1c981d0dd83a76","qtyKg":131.13},{"type":"sell","personName":"Annapurna Shop","product":"Brown Rice","price":89.22,"quantity":446.02,"unit":"kg","date":"2025-10-31","createdAt":"2026-07-04T17:14:48.187Z","updatedAt":"2026-07-04T17:14:48.187Z","id":"6a493f885f1c981d0dd83a3a","qtyKg":446.02},{"type":"sell","personName":"Sita Stores","product":"Ponni","price":76.76,"quantity":8.2,"unit":"quintal","date":"2025-10-29","createdAt":"2026-07-04T17:14:48.187Z","updatedAt":"2026-07-04T17:14:48.187Z","id":"6a493f885f1c981d0dd83a49","qtyKg":819.9999999999999},{"type":"sell","personName":"Lakshmi Stores","product":"Red Rice (Matta)","price":99.21,"quantity":12.15,"unit":"quintal","date":"2025-10-23","createdAt":"2026-07-04T17:14:48.187Z","updatedAt":"2026-07-04T17:14:48.187Z","id":"6a493f885f1c981d0dd83a47","qtyKg":1215},{"type":"sell","personName":"Daily Mart","product":"Idli Rice","price":59.43,"quantity":2096,"unit":"gram","date":"2025-10-21","createdAt":"2026-07-04T17:14:48.187Z","updatedAt":"2026-07-04T17:14:48.187Z","id":"6a493f885f1c981d0dd83a36","qtyKg":2.096},{"type":"sell","personName":"Lakshmi Stores","product":"Idli Rice","price":66.8,"quantity":6.99,"unit":"quintal","date":"2025-10-19","createdAt":"2026-07-04T17:14:48.188Z","updatedAt":"2026-07-04T17:14:48.188Z","id":"6a493f885f1c981d0dd83a50","qtyKg":699},{"type":"sell","personName":"Annapurna Shop","product":"Ponni","price":78.88,"quantity":2222,"unit":"gram","date":"2025-10-14","createdAt":"2026-07-04T17:14:48.187Z","updatedAt":"2026-07-04T17:14:48.187Z","id":"6a493f885f1c981d0dd83a25","qtyKg":2.222},{"type":"sell","personName":"Daily Mart","product":"Basmati","price":156.01,"quantity":2374,"unit":"gram","date":"2025-10-12","createdAt":"2026-07-04T17:14:48.188Z","updatedAt":"2026-07-04T17:14:48.188Z","id":"6a493f885f1c981d0dd83a56","qtyKg":2.374},{"type":"sell","personName":"Lakshmi Stores","product":"Idli Rice","price":60.13,"quantity":7.26,"unit":"quintal","date":"2025-10-06","createdAt":"2026-07-04T17:14:48.188Z","updatedAt":"2026-07-04T17:14:48.188Z","id":"6a493f885f1c981d0dd83a5c","qtyKg":726},{"type":"sell","personName":"Sita Stores","product":"Brown Rice","price":103.22,"quantity":476.32,"unit":"kg","date":"2025-10-01","createdAt":"2026-07-04T17:14:48.187Z","updatedAt":"2026-07-04T17:14:48.187Z","id":"6a493f885f1c981d0dd83a43","qtyKg":476.32},{"type":"sell","personName":"Lakshmi Stores","product":"Idli Rice","price":60.14,"quantity":1036,"unit":"gram","date":"2025-09-28","createdAt":"2026-07-04T17:14:48.187Z","updatedAt":"2026-07-04T17:14:48.187Z","id":"6a493f885f1c981d0dd83a2d","qtyKg":1.036},{"type":"sell","personName":"Sita Stores","product":"Sona Masuri","price":75.32,"quantity":3568,"unit":"gram","date":"2025-09-23","createdAt":"2026-07-04T17:14:48.187Z","updatedAt":"2026-07-04T17:14:48.187Z","id":"6a493f885f1c981d0dd83a27","qtyKg":3.568},{"type":"buy","personName":"Punjab Agri","product":"Brown Rice","price":69.74,"quantity":15.62,"unit":"quintal","date":"2025-09-22","createdAt":"2026-07-04T17:14:48.187Z","updatedAt":"2026-07-04T17:14:48.187Z","id":"6a493f885f1c981d0dd83a24","qtyKg":1562},{"type":"buy","personName":"Punjab Agri","product":"Sona Masuri","price":63.31,"quantity":3260,"unit":"gram","date":"2025-09-18","createdAt":"2026-07-04T17:14:48.188Z","updatedAt":"2026-07-04T17:14:48.188Z","id":"6a493f885f1c981d0dd83a61","qtyKg":3.2600000000000002},{"type":"sell","personName":"Annapurna Shop","product":"Basmati","price":145.39,"quantity":1644,"unit":"gram","date":"2025-09-18","createdAt":"2026-07-04T17:14:48.187Z","updatedAt":"2026-07-04T17:14:48.187Z","id":"6a493f885f1c981d0dd83a1f","qtyKg":1.6440000000000001},{"type":"buy","personName":"Andhra Mills","product":"Idli Rice","price":33.46,"quantity":15.61,"unit":"quintal","date":"2025-09-17","createdAt":"2026-07-04T17:14:48.188Z","updatedAt":"2026-07-04T17:14:48.188Z","id":"6a493f885f1c981d0dd83a4d","qtyKg":1561},{"type":"sell","personName":"Ramesh Kumar","product":"Idli Rice","price":65.6,"quantity":2.11,"unit":"quintal","date":"2025-09-09","createdAt":"2026-07-04T17:14:48.187Z","updatedAt":"2026-07-04T17:14:48.187Z","id":"6a493f885f1c981d0dd83a2a","qtyKg":211},{"type":"sell","personName":"Lakshmi Stores","product":"Brown Rice","price":82.29,"quantity":301.44,"unit":"kg","date":"2025-09-04","createdAt":"2026-07-04T17:14:48.187Z","updatedAt":"2026-07-04T17:14:48.187Z","id":"6a493f885f1c981d0dd83a45","qtyKg":301.44},{"type":"sell","personName":"Annapurna Shop","product":"Black Rice","price":249.23,"quantity":11.33,"unit":"quintal","date":"2025-08-31","createdAt":"2026-07-04T17:14:48.187Z","updatedAt":"2026-07-04T17:14:48.187Z","id":"6a493f885f1c981d0dd83a34","qtyKg":1133},{"type":"sell","personName":"Annapurna Shop","product":"Idli Rice","price":63.26,"quantity":18.3,"unit":"quintal","date":"2025-08-26","createdAt":"2026-07-04T17:14:48.187Z","updatedAt":"2026-07-04T17:14:48.187Z","id":"6a493f885f1c981d0dd83a3d","qtyKg":1830},{"type":"sell","personName":"Lakshmi Stores","product":"Basmati","price":152.51,"quantity":420.21,"unit":"kg","date":"2025-08-24","createdAt":"2026-07-04T17:14:48.187Z","updatedAt":"2026-07-04T17:14:48.187Z","id":"6a493f885f1c981d0dd83a15","qtyKg":420.21},{"type":"sell","personName":"Daily Mart","product":"Kolam","price":74.03,"quantity":174.23,"unit":"kg","date":"2025-08-23","createdAt":"2026-07-04T17:14:48.188Z","updatedAt":"2026-07-04T17:14:48.188Z","id":"6a493f885f1c981d0dd83a52","qtyKg":174.23},{"type":"sell","personName":"Annapurna Shop","product":"Red Rice (Matta)","price":111.43,"quantity":442.82,"unit":"kg","date":"2025-08-18","createdAt":"2026-07-04T17:14:48.188Z","updatedAt":"2026-07-04T17:14:48.188Z","id":"6a493f885f1c981d0dd83a4e","qtyKg":442.82},{"type":"sell","personName":"Annapurna Shop","product":"Basmati","price":153.99,"quantity":218.36,"unit":"kg","date":"2025-08-10","createdAt":"2026-07-04T17:14:48.188Z","updatedAt":"2026-07-04T17:14:48.188Z","id":"6a493f885f1c981d0dd83a72","qtyKg":218.36},{"type":"sell","personName":"Govind Provision","product":"Jeera Samba","price":165.4,"quantity":3.79,"unit":"quintal","date":"2025-08-08","createdAt":"2026-07-04T17:14:48.188Z","updatedAt":"2026-07-04T17:14:48.188Z","id":"6a493f885f1c981d0dd83a6c","qtyKg":379},{"type":"buy","personName":"Punjab Agri","product":"Brown Rice","price":66.5,"quantity":3454,"unit":"gram","date":"2025-08-07","createdAt":"2026-07-04T17:14:48.187Z","updatedAt":"2026-07-04T17:14:48.187Z","id":"6a493f885f1c981d0dd83a1e","qtyKg":3.454},{"type":"sell","personName":"Annapurna Shop","product":"Basmati","price":145.44,"quantity":5.26,"unit":"quintal","date":"2025-07-30","createdAt":"2026-07-04T17:14:48.188Z","updatedAt":"2026-07-04T17:14:48.188Z","id":"6a493f885f1c981d0dd83a53","qtyKg":526},{"type":"sell","personName":"Ramesh Kumar","product":"Ponni","price":76.22,"quantity":39.12,"unit":"kg","date":"2025-07-29","createdAt":"2026-07-04T17:14:48.187Z","updatedAt":"2026-07-04T17:14:48.187Z","id":"6a493f885f1c981d0dd83a3e","qtyKg":39.12},{"type":"buy","personName":"Punjab Agri","product":"Jeera Samba","price":108.3,"quantity":14.03,"unit":"quintal","date":"2025-07-28","createdAt":"2026-07-04T17:14:48.188Z","updatedAt":"2026-07-04T17:14:48.188Z","id":"6a493f885f1c981d0dd83a5f","qtyKg":1403},{"type":"sell","personName":"Govind Provision","product":"Brown Rice","price":87.63,"quantity":406.87,"unit":"kg","date":"2025-07-27","createdAt":"2026-07-04T17:14:48.187Z","updatedAt":"2026-07-04T17:14:48.187Z","id":"6a493f885f1c981d0dd83a14","qtyKg":406.87},{"type":"sell","personName":"Daily Mart","product":"Black Rice","price":221.3,"quantity":30.62,"unit":"kg","date":"2025-07-22","createdAt":"2026-07-04T17:14:48.187Z","updatedAt":"2026-07-04T17:14:48.187Z","id":"6a493f885f1c981d0dd83a38","qtyKg":30.62},{"type":"sell","personName":"Sita Stores","product":"Idli Rice","price":61.32,"quantity":173.12,"unit":"kg","date":"2025-07-17","createdAt":"2026-07-04T17:14:48.187Z","updatedAt":"2026-07-04T17:14:48.187Z","id":"6a493f885f1c981d0dd83a1d","qtyKg":173.12},{"type":"sell","personName":"Daily Mart","product":"Red Rice (Matta)","price":100.8,"quantity":1.89,"unit":"quintal","date":"2025-07-14","createdAt":"2026-07-04T17:14:48.187Z","updatedAt":"2026-07-04T17:14:48.187Z","id":"6a493f885f1c981d0dd83a41","qtyKg":189},{"type":"sell","personName":"Annapurna Shop","product":"Basmati","price":140.45,"quantity":6.02,"unit":"quintal","date":"2025-07-13","createdAt":"2026-07-04T17:14:48.188Z","updatedAt":"2026-07-04T17:14:48.188Z","id":"6a493f885f1c981d0dd83a60","qtyKg":602},{"type":"sell","personName":"Sita Stores","product":"Brown Rice","price":84.21,"quantity":149.3,"unit":"kg","date":"2025-07-10","createdAt":"2026-07-04T17:14:48.187Z","updatedAt":"2026-07-04T17:14:48.187Z","id":"6a493f885f1c981d0dd83a19","qtyKg":149.3},{"type":"buy","personName":"Krishna Traders","product":"Basmati","price":96.76,"quantity":2865,"unit":"gram","date":"2025-07-08","createdAt":"2026-07-04T17:14:48.187Z","updatedAt":"2026-07-04T17:14:48.187Z","id":"6a493f885f1c981d0dd83a3b","qtyKg":2.865},{"type":"buy","personName":"Ganga Suppliers","product":"Sona Masuri","price":46.93,"quantity":3817,"unit":"gram","date":"2025-07-06","createdAt":"2026-07-04T17:14:48.187Z","updatedAt":"2026-07-04T17:14:48.187Z","id":"6a493f885f1c981d0dd83a26","qtyKg":3.817}]